<?xml version="1.0" encoding="UTF-8"?><record xmlns="http://www.loc.gov/MARC21/slim" xmlns:cinclude="http://apache.org/cocoon/include/1.0" xmlns:zs="http://www.loc.gov/zing/srw/">
  <leader>00373nz  a2200121n  4500</leader>
  <controlfield tag="001">no 94040095 </controlfield>
  <controlfield tag="003">DLC</controlfield>
  <controlfield tag="005">19941115095508.7</controlfield>
  <controlfield tag="008">941109n| acannaab|          |n anc     a</controlfield>
  <datafield tag="010" ind1=" " ind2=" ">
    <subfield code="a">no 94040095 </subfield>
  </datafield>
  <datafield tag="040" ind1=" " ind2=" ">
    <subfield code="a">DNAL</subfield>
    <subfield code="c">DNAL</subfield>
  </datafield>
  <datafield tag="110" ind1="2" ind2="0">
    <subfield code="a">Japan Protein Engineering Society</subfield>
  </datafield>
  <datafield tag="670" ind1=" " ind2=" ">
    <subfield code="a">4th International Workshop on Rice Molecular Biology, 1994:</subfield>
    <subfield code="b">p. i (Japan Protein Engineering Society)</subfield>
  </datafield>
</record>